@article{Silaparasetty,
    author = "Nikita Silaparasetty",
    title = " Machine Learning Concepts with Python and the Jupyter Notebook Environment: Using Tensorflow 2.0",
    journal = "",
    volume = "",
    number = "",
    pages = "",
    year = "2020",
    DOI = "https://ucsc.primo.exlibrisgroup.com/discovery/fulldisplay?docid=alma991025093949404876&context=L&vid=01CDL_SCR_INST:USCS&lang=en&search_scope=online_access&adaptor=Local%20Search%20Engine&tab=AvailableOnline&query=any,contains,machine%20learning%20%2B%20jupyter%20notebooks&mode=basic",
    keywords = "python", "Jupyter", "Machine Learning"
}

@article{Das,
    author = "Sejuti Das",
    title = "Why Jupyter Notebooks Are So Popular Among Data Scientists",
    journal = "",
    volume = "",
    number = "",
    pages = "",
    year = "2020",
    DOI = "https://analyticsindiamag.com/why-jupyter-notebooks-are-so-popular-among-data-scientists/",
    keywords = "python", "Jupyter", "Machine Learning"
}

@article{Floering,
    author = "Michael Floering",
    title = "Dive into Machine Learning",
    journal = "",
    volume = "",
    number = "",
    pages = "",
    year = "2020",
    DOI = "https://hangtwenty.github.io/dive-into-machine-learning/",
    keywords = "python", "Jupyter", "Machine Learning"
}

% Floering, M. (2020, March 31). Dive into machine learning. Retrieved February 24, 2021, from https://hangtwenty.github.io/dive-into-machine-learning/

% @article{Glick,
%     author = "Ben Glick",
%     title = "Jupyter Notebooks and User-Friendly HPC Access",
%     journal = "",
%     volume = "",
%     number = "",
%     pages = "",
%     year = "2018",
%     DOI = "https://ucsc.primo.exlibrisgroup.com/discovery/fulldisplay?docid=ieee_s8638386&context=PC&vid=01CDL_SCR_INST:USCS&lang=en&search_scope=online_access&adaptor=Primo%20Central&tab=AvailableOnline&query=any,contains,Jupyter%20Notebooks%20and%20User-Friendly%20HPC%20Access&mode=basic",
%     keywords = "python", "Jupyter", "Machine Learning", "HPC"
% }

% @article{Perkel,
%     author = "J. Perkel",
%     title = " Why Jupyter is data scientists' COMPUTATIONAL notebook of choice",
%     journal = "",
%     volume = "",
%     number = "",
%     pages = "",
%     year = "2018",
%     DOI = "https://www.nature.com/articles/d41586-018-07196-1",
%     keywords = "python", "Jupyter", "Machine Learning",
% }

